
@article{mao_global_2017,
	title = {Global sensitivity analysis of an urban microclimate system under uncertainty: {Design} and case study},
	volume = {124},
	issn = {03601323},
	shorttitle = {Global sensitivity analysis of an urban microclimate system under uncertainty},
	url = {http://linkinghub.elsevier.com/retrieve/pii/S0360132317303578},
	doi = {10.1016/j.buildenv.2017.08.011},
	language = {en},
	urldate = {2018-03-07},
	journal = {Building and Environment},
	author = {Mao, Jiachen and Yang, Joseph H. and Afshari, Afshin and Norford, Leslie K.},
	month = nov,
	year = {2017},
	pages = {153--170},
	file = {Global-sensitivity-analysis-of-an-urban-microclimate-syst_2017_Building-and-.pdf:/home/paulchapron/Documents/energetiqueBatiment/Global-sensitivity-analysis-of-an-urban-microclimate-syst_2017_Building-and-.pdf:application/pdf}
}

@article{bevilacqua_thermal_2018,
	title = {Thermal inertia assessment of an experimental extensive green roof in summer conditions},
	volume = {131},
	issn = {03601323},
	url = {http://linkinghub.elsevier.com/retrieve/pii/S0360132317305462},
	doi = {10.1016/j.buildenv.2017.11.033},
	language = {en},
	urldate = {2018-03-07},
	journal = {Building and Environment},
	author = {Bevilacqua, Piero and Mazzeo, Domenico and Arcuri, Natale},
	month = mar,
	year = {2018},
	pages = {264--276},
	file = {1-s2.0-S0360132317305462-main.pdf:/home/paulchapron/Documents/energetiqueBatiment/1-s2.0-S0360132317305462-main.pdf:application/pdf}
}

@article{du_application_2018,
	title = {Application of a multi-variable optimization method to determine lift-up design for optimum wind comfort},
	volume = {131},
	issn = {03601323},
	url = {http://linkinghub.elsevier.com/retrieve/pii/S0360132318300180},
	doi = {10.1016/j.buildenv.2018.01.012},
	language = {en},
	urldate = {2018-03-07},
	journal = {Building and Environment},
	author = {Du, Yaxing and Mak, Cheuk Ming and Li, Yantong},
	month = mar,
	year = {2018},
	pages = {242--254},
	file = {1-s2.0-S0360132318300180-main.pdf:/home/paulchapron/Documents/energetiqueBatiment/1-s2.0-S0360132318300180-main.pdf:application/pdf}
}

@article{a.l._martins_solar_2014,
	title = {From solar constraints to urban design opportunities: {Optimization} of built form typologies in a {Brazilian} tropical city},
	volume = {76},
	issn = {03787788},
	shorttitle = {From solar constraints to urban design opportunities},
	url = {http://linkinghub.elsevier.com/retrieve/pii/S0378778814001704},
	doi = {10.1016/j.enbuild.2014.02.056},
	language = {en},
	urldate = {2018-03-07},
	journal = {Energy and Buildings},
	author = {A.L. Martins, Tathiane and Adolphe, Luc and E.G. Bastos, Leopoldo},
	month = jun,
	year = {2014},
	pages = {43--56},
	file = {1-s2.0-S0378778814001704-main.pdf:/home/paulchapron/Documents/energetiqueBatiment/1-s2.0-S0378778814001704-main.pdf:application/pdf}
}

@article{chen_impacts_2017,
	title = {The impacts of building height variations and building packing densities on flow adjustment and city breathability in idealized urban models},
	volume = {118},
	issn = {03601323},
	url = {http://linkinghub.elsevier.com/retrieve/pii/S0360132317301518},
	doi = {10.1016/j.buildenv.2017.03.042},
	language = {en},
	urldate = {2018-03-07},
	journal = {Building and Environment},
	author = {Chen, Lan and Hang, Jian and Sandberg, Mats and Claesson, Leif and Di Sabatino, Silvana and Wigo, Hans},
	month = jun,
	year = {2017},
	pages = {344--361},
	file = {1-s2.0-S0360132317301518-main.pdf:/home/paulchapron/Documents/energetiqueBatiment/1-s2.0-S0360132317301518-main.pdf:application/pdf}
}

@misc{noauthor_-performance-comparison--multi-objective-optimization-algo_2016_energy-.pdf_nodate,
	title = {A-performance-comparison-of-multi-objective-optimization-algo\_2016\_Energy-an.pdf},
	file = {A-performance-comparison-of-multi-objective-optimization-algo_2016_Energy-an.pdf:/home/paulchapron/Documents/energetiqueBatiment/A-performance-comparison-of-multi-objective-optimization-algo_2016_Energy-an.pdf:application/pdf}
}

@article{odonnell_building_2013,
	title = {Building performance optimization using cross-domain scenario modeling, linked data, and complex event processing},
	volume = {62},
	issn = {03601323},
	url = {http://linkinghub.elsevier.com/retrieve/pii/S0360132313000346},
	doi = {10.1016/j.buildenv.2013.01.019},
	language = {en},
	urldate = {2018-03-07},
	journal = {Building and Environment},
	author = {O’Donnell, James and Corry, Edward and Hasan, Souleiman and Keane, Marcus and Curry, Edward},
	month = apr,
	year = {2013},
	pages = {102--111},
	file = {Building-performance-optimization-using-cross-domain-scena_2013_Building-and.pdf:/home/paulchapron/Documents/energetiqueBatiment/Building-performance-optimization-using-cross-domain-scena_2013_Building-and.pdf:application/pdf}
}

@article{yuan_building_2012,
	title = {Building porosity for better urban ventilation in high-density cities – {A} computational parametric study},
	volume = {50},
	issn = {03601323},
	url = {http://linkinghub.elsevier.com/retrieve/pii/S0360132311003726},
	doi = {10.1016/j.buildenv.2011.10.023},
	language = {en},
	urldate = {2018-03-07},
	journal = {Building and Environment},
	author = {Yuan, Chao and Ng, Edward},
	month = apr,
	year = {2012},
	pages = {176--189},
	file = {Building-porosity-for-better-urban-ventilation-in-high-de_2012_Building-and-.pdf:/home/paulchapron/Documents/energetiqueBatiment/Building-porosity-for-better-urban-ventilation-in-high-de_2012_Building-and-.pdf:application/pdf}
}

@article{adolphe_simplified_2001,
	title = {A {Simplified} {Model} of {Urban} {Morphology}: {Application} to an {Analysis} of the {Environmental} {Performance} of {Cities}},
	volume = {28},
	issn = {0265-8135, 1472-3417},
	shorttitle = {A {Simplified} {Model} of {Urban} {Morphology}},
	url = {http://journals.sagepub.com/doi/10.1068/b2631},
	doi = {10.1068/b2631},
	language = {en},
	number = {2},
	urldate = {2018-03-07},
	journal = {Environment and Planning B: Planning and Design},
	author = {Adolphe, Luc},
	month = apr,
	year = {2001},
	pages = {183--200},
	file = {adolphe2001.pdf:/home/paulchapron/Documents/energetiqueBatiment/adolphe2001.pdf:application/pdf}
}

@article{ignatius_urban_2015,
	title = {Urban microclimate analysis with consideration of local ambient temperature, external heat gain, urban ventilation, and outdoor thermal comfort in the tropics},
	volume = {19},
	issn = {22106707},
	url = {http://linkinghub.elsevier.com/retrieve/pii/S2210670715300196},
	doi = {10.1016/j.scs.2015.07.016},
	language = {en},
	urldate = {2018-03-07},
	journal = {Sustainable Cities and Society},
	author = {Ignatius, Marcel and Wong, Nyuk Hien and Jusuf, Steve Kardinal},
	month = dec,
	year = {2015},
	pages = {121--135},
	file = {Urban-microclimate-analysis-with-consideration-of-local-amb_2015_Sustainable.pdf:/home/paulchapron/Documents/energetiqueBatiment/Urban-microclimate-analysis-with-consideration-of-local-amb_2015_Sustainable.pdf:application/pdf}
}

@article{edussuriya_urban_2011,
	title = {Urban morphology and air quality in dense residential environments in {Hong} {Kong}. {Part} {I}: {District}-level analysis},
	volume = {45},
	shorttitle = {Urban morphology and air quality in dense residential environments in {Hong} {Kong}. {Part} {I}},
	number = {27},
	journal = {Atmospheric Environment},
	author = {Edussuriya, P. and Chan, A. and Ye, A.},
	year = {2011},
	pages = {4789--4803},
	file = {Urban-morphology-and-air-quality-in-dense-residential-envir_2011_Atmospheric.pdf:/home/paulchapron/Documents/energetiqueBatiment/Urban-morphology-and-air-quality-in-dense-residential-envir_2011_Atmospheric.pdf:application/pdf}
}

@article{evins_review_2013,
	title = {A review of computational optimisation methods applied to sustainable building design},
	volume = {22},
	issn = {13640321},
	url = {http://linkinghub.elsevier.com/retrieve/pii/S1364032113000920},
	doi = {10.1016/j.rser.2013.02.004},
	language = {en},
	urldate = {2018-03-07},
	journal = {Renewable and Sustainable Energy Reviews},
	author = {Evins, Ralph},
	month = jun,
	year = {2013},
	pages = {230--245},
	file = {RalphEvinsComputationalOptimizationReviewBuildingDesign.pdf:/home/paulchapron/Documents/energetiqueBatiment/RalphEvinsComputationalOptimizationReviewBuildingDesign.pdf:application/pdf}
}

@article{ng_improving_2011,
	title = {Improving the wind environment in high-density cities by understanding urban morphology and surface roughness: {A} study in {Hong} {Kong}},
	volume = {101},
	issn = {01692046},
	shorttitle = {Improving the wind environment in high-density cities by understanding urban morphology and surface roughness},
	url = {http://linkinghub.elsevier.com/retrieve/pii/S0169204611000326},
	doi = {10.1016/j.landurbplan.2011.01.004},
	language = {en},
	number = {1},
	urldate = {2018-03-07},
	journal = {Landscape and Urban Planning},
	author = {Ng, Edward and Yuan, Chao and Chen, Liang and Ren, Chao and Fung, Jimmy C.H.},
	month = may,
	year = {2011},
	pages = {59--74},
	file = {Improving-the-wind-environment-in-high-density-cities-by-u_2011_Landscape-an.pdf:/home/paulchapron/Documents/energetiqueBatiment/Improving-the-wind-environment-in-high-density-cities-by-u_2011_Landscape-an.pdf:application/pdf}
}

@article{knauss_gis-based_2014,
	title = {{GIS}-based morphometrics},
	volume = {17},
	number = {1},
	journal = {Palaeontologia Electronica},
	author = {Knauss, Mathew J. and Yacobucci, Margaret M.},
	year = {2014},
	pages = {1--27},
	file = {GIS_analysisofAmmonitesShapes.pdf:/home/paulchapron/Documents/energetiqueBatiment/GIS_analysisofAmmonitesShapes.pdf:application/pdf}
}

@article{gaitani_high-resolution_2017,
	title = {High-resolution spectral mapping of urban thermal properties with {Unmanned} {Aerial} {Vehicles}},
	volume = {121},
	issn = {03601323},
	url = {http://linkinghub.elsevier.com/retrieve/pii/S036013231730207X},
	doi = {10.1016/j.buildenv.2017.05.027},
	language = {en},
	urldate = {2018-03-07},
	journal = {Building and Environment},
	author = {Gaitani, Niki and Burud, Ingunn and Thiis, Thomas and Santamouris, Mat},
	month = aug,
	year = {2017},
	pages = {215--224},
	file = {1-s2.0-S036013231730207X-main.pdf:/home/paulchapron/Documents/energetiqueBatiment/1-s2.0-S036013231730207X-main.pdf:application/pdf}
}

@article{hong_relationship_2017,
	title = {Relationship between spatiotemporal variability of soundscape and urban morphology in a multifunctional urban area: {A} case study in {Seoul}, {Korea}},
	volume = {126},
	issn = {03601323},
	shorttitle = {Relationship between spatiotemporal variability of soundscape and urban morphology in a multifunctional urban area},
	url = {http://linkinghub.elsevier.com/retrieve/pii/S0360132317304791},
	doi = {10.1016/j.buildenv.2017.10.021},
	language = {en},
	urldate = {2018-03-07},
	journal = {Building and Environment},
	author = {Hong, Joo Young and Jeon, Jin Yong},
	month = dec,
	year = {2017},
	pages = {382--395},
	file = {1-s2.0-S0360132317304791-main.pdf:/home/paulchapron/Documents/energetiqueBatiment/1-s2.0-S0360132317304791-main.pdf:application/pdf}
}

@article{shi_identifying_2018,
	title = {Identifying critical building morphological design factors of street-level air pollution dispersion in high-density built environment using mobile monitoring},
	volume = {128},
	issn = {03601323},
	url = {http://linkinghub.elsevier.com/retrieve/pii/S0360132317305565},
	doi = {10.1016/j.buildenv.2017.11.043},
	language = {en},
	urldate = {2018-03-07},
	journal = {Building and Environment},
	author = {Shi, Yuan and Xie, Xiaolin and Fung, Jimmy Chi-Hung and Ng, Edward},
	month = jan,
	year = {2018},
	pages = {248--259},
	file = {1-s2.0-S0360132317305565-main.pdf:/home/paulchapron/Documents/energetiqueBatiment/1-s2.0-S0360132317305565-main.pdf:application/pdf}
}

@article{shi_review_2017,
	title = {A review of simulation-based urban form generation and optimization for energy-driven urban design},
	volume = {121},
	issn = {03601323},
	url = {http://linkinghub.elsevier.com/retrieve/pii/S0360132317301865},
	doi = {10.1016/j.buildenv.2017.05.006},
	language = {en},
	urldate = {2018-03-07},
	journal = {Building and Environment},
	author = {Shi, Zhongming and Fonseca, Jimeno A. and Schlueter, Arno},
	month = aug,
	year = {2017},
	pages = {119--129},
	file = {1-s2.0-S0360132317301865-main.pdf:/home/paulchapron/Documents/energetiqueBatiment/1-s2.0-S0360132317301865-main.pdf:application/pdf}
}

@article{nguyen_review_2014,
	title = {A review on simulation-based optimization methods applied to building performance analysis},
	volume = {113},
	issn = {03062619},
	url = {http://linkinghub.elsevier.com/retrieve/pii/S0306261913007058},
	doi = {10.1016/j.apenergy.2013.08.061},
	language = {en},
	urldate = {2018-03-07},
	journal = {Applied Energy},
	author = {Nguyen, Anh-Tuan and Reiter, Sigrid and Rigo, Philippe},
	month = jan,
	year = {2014},
	pages = {1043--1058},
	file = {A-review-on-simulation-based-optimization-methods-applied-to-_2014_Applied-E.pdf:/home/paulchapron/Documents/energetiqueBatiment/A-review-on-simulation-based-optimization-methods-applied-to-_2014_Applied-E.pdf:application/pdf}
}

@article{machairas_algorithms_2014,
	title = {Algorithms for optimization of building design: {A} review},
	volume = {31},
	issn = {13640321},
	shorttitle = {Algorithms for optimization of building design},
	url = {http://linkinghub.elsevier.com/retrieve/pii/S1364032113007855},
	doi = {10.1016/j.rser.2013.11.036},
	language = {en},
	urldate = {2018-03-07},
	journal = {Renewable and Sustainable Energy Reviews},
	author = {Machairas, Vasileios and Tsangrassoulis, Aris and Axarli, Kleo},
	month = mar,
	year = {2014},
	pages = {101--112},
	file = {Algorithms-for-optimization-of-building-d_2014_Renewable-and-Sustainable-Ene.pdf:/home/paulchapron/Documents/energetiqueBatiment/Algorithms-for-optimization-of-building-d_2014_Renewable-and-Sustainable-Ene.pdf:application/pdf}
}

@book{pessenlehner_building_2003,
	title = {Building morphology, transparence, and energy performance},
	publisher = {na},
	author = {Pessenlehner, Werner and Mahdavi, Ardeshir},
	year = {2003}
}